<record><leader>00000cas a2200000K  4500</leader><controlfield tag="001">11059963</controlfield><controlfield tag="008">840816d18621864kyuwr n       0    0eng d</controlfield><datafield ind1=" " ind2=" " tag="010"><subfield code="a">sn 96096604 </subfield></datafield><datafield ind1=" " ind2=" " tag="040"><subfield code="a">NMF</subfield><subfield code="b">eng</subfield><subfield code="c">NMF</subfield><subfield code="d">NVK</subfield><subfield code="d">OCL</subfield><subfield code="d">NVK</subfield><subfield code="d">OCLCQ</subfield></datafield><datafield ind1=" " ind2=" " tag="043"><subfield code="a">n-us-ky</subfield></datafield><datafield ind1="0" ind2="4" tag="245"><subfield code="a">The True Presbyterian.</subfield></datafield><datafield ind1=" " ind2=" " tag="260"><subfield code="a">Louisville, Ky. :</subfield><subfield code="b">A. Davidson &amp; Co.,</subfield><subfield code="c">1862-</subfield></datafield><datafield ind1=" " ind2=" " tag="300"><subfield code="a">v.</subfield></datafield><datafield ind1=" " ind2=" " tag="310"><subfield code="a">Weekly</subfield></datafield><datafield ind1="0" ind2=" " tag="362"><subfield code="a">vol. 1, no. 1 (Apr. 3, 1862)-</subfield></datafield><datafield ind1="1" ind2=" " tag="362"><subfield code="a">Ceased in 1864.</subfield></datafield><datafield ind1=" " ind2=" " tag="500"><subfield code="a">Editors: Stuart Robinson, Robert Morrison, &lt;1862&gt;.</subfield></datafield><datafield ind1=" " ind2="0" tag="650"><subfield code="a">Presbyterian Church</subfield><subfield code="v">Newspapers.</subfield></datafield><datafield ind1=" " ind2="0" tag="651"><subfield code="a">Louisville (Ky.)</subfield><subfield code="v">Newspapers.</subfield></datafield><datafield ind1=" " ind2=" " tag="752"><subfield code="a">United States</subfield><subfield code="b">Kentucky</subfield><subfield code="c">Jefferson</subfield><subfield code="d">Louisville.</subfield></datafield><datafield ind1="0" ind2="0" tag="780"><subfield code="t">Presbyterian herald</subfield></datafield><datafield ind1="0" ind2="0" tag="785"><subfield code="t">Free Christian commonwealth</subfield><subfield code="w">(DLC)sn 93058446</subfield></datafield></record>